% This file was created with JabRef 2.10b2.
% Encoding: Cp1252


@Book{Siegert200612,
  Title                    = {Betriebssysteme},
  Author                   = {Hans-Jürgen Siegert},
  Publisher                = {Oldenbourg Wissensch.Vlg},
  Year                     = {2006},
  Month                    = {12},

  ISBN                     = {9783486582116},
  Timestamp                = {2014.01.10},
  Url                      = {http://amazon.com/o/ASIN/3486582119/}
}

@Misc{wiki:42,
  Title                    = {Per Anhalter durch die Galaxis --- Wikipedia{,} Die freie Enzyklopädie},

  Author                   = {Wikipedia},
  Note                     = {[Online; Stand 10. Januar 2014]},
  Year                     = {2014},

  Url                      = {http://de.wikipedia.org/w/index.php?title=Per_Anhalter_durch_die_Galaxis&oldid=126248525}
}

@Misc{duden:passwort,
  Title                    = {das Passwort},

  Author                   = {duden},
  Note                     = {[Online; Stand 14. maerz 2016]},
  Year                     = {2016},
  Url                      = {http://www.duden.de/rechtschreibung/Passwort}
}

@Misc{RFC959,
  Title                    = {FILE TRANSFERT PROTOCOL (FTP)},

  Author                   = {J. Postel},
  Note                     = {[Online; Stand 14. maerz 2016]},
  Year                     = {2016},
  Url                      = {https://tools.ietf.org/html/rfc959}
}


@Misc{RFC2945,
  Title                    = {The SRP Authentication and Key Exchange System},

  Author                   = {T. Wu},
  Note                     = {[Online; Stand 14. maerz 2016]},
  Year                     = {2016},
  Url                      = {https://www.ietf.org/rfc/rfc2945.txt}
}

@Misc{XSS,
  Title                    = {Sicherheit von Webanwendungen, Maßnahmenkatalog und Best Practices},

  pages = {104--108},
  Author                   = {BSI: Bundesamt für Sicherheit in der Informationstechnik},
  Note                     = {[Online; Stand 14. maerz 2016]},
  Year                     = {2016},
  Url                      = {https://www.bsi.bund.de/SharedDocs/Downloads/DE/BSI/Publikationen/Studien/WebSec/WebSec_pdf.pdf?__blob=publicationFile}
}

@Misc{HTTPSTATUS,
  Title                    = {Hypertext Transfer Protocol -- HTTP/1.1},
  Author                   = {IEFT},
  Note                     = {[Online; Stand 14. maerz 2016]},
  Year                     = {2016},
  Url                      = {https://www.w3.org/Protocols/rfc2616/rfc2616-sec10.html}
}

@Misc{JWT,
  Title                    = {JSON Web Token (JWT)},
  Author                   = {IEFT},
  Note                     = {[Online; Stand 14. maerz 2016]},
  Year                     = {2016},
  Url                      = {https://tools.ietf.org/html/rfc7519}
}

@Misc{JWS,
  Title                    = {JSON Web Signature (JWS)},
  Author                   = {IEFT},
  Note                     = {[Online; Stand 14. maerz 2016]},
  Year                     = {2016},
  Url                      = {https://tools.ietf.org/html/rfc7515}
}


@Misc{JWE,
  Title                    = {JSON Web Encryption (JWE)},
  Author                   = {IEFT},
  Note                     = {[Online; Stand 14. maerz 2016]},
  Year                     = {2016},
  Url                      = {https://tools.ietf.org/html/rfc7515}
}

@Misc{ISO/IEC9126,
  Title                    = {Information technology - Software Product Evaluation - Quality characteristics and guidelines for their use},
  Author                   = {ISO/IEC},
  Note                     = {[Online; Stand 14. maerz 2016]},
  Year                     = {2016},
  Url                      = {http://www.cse.dcu.ie/essiscope/sm2/9126ref.html}
}


@misc{SRP,
    title = {{SRP} Secure Remote Password Protrocol},
    howpublished = {\url{http://tools.ietf.org/html/rfc2945}},
    note = {Accessed: 12-12-2015, snappshot: reference/ietf/rfc2945},
}

@misc{GSON,
    title = {{GSON} JSON Manipulation Framework },
    howpublished = {\url{http://google.com/gson}},
    note = {Accessed: 12-12-2015, snappshot: reference/google/gson}
}

@misc{JAVATM,
    title = {{JCA} Java Cryptography Architectur reference guide },
    howpublished = {\url{http://java.com/jca/jca_reference_guide}},
    note = {Accessed: 12-12-2015, snappshot: reference/java/gson}
}



@book{PatternKompakt,
address = {London},
author = {{Karl Eilebrecht} und {Gernot Starke}},
pages = {34--38},
volume={4},
publisher = {Springer Vieweg},
title = {{Patterns kompakt: Entwurf für effektive Software-Entwicklung}},
type = {Book},
}


